@InProceedings{Knocke1988,
  author    = {Knocke, Philip and Ries, J and Tapley, B},
  booktitle = {Astrodynamics Conference},
  title     = {Earth radiation pressure effects on satellites},
  year      = {1988},
  month     = aug,
  publisher = {American Institute of Aeronautics and Astronautics},
  doi       = {10.2514/6.1988-4292},
  file      = {:Knocke1988 - Earth Radiation Pressure Effects on Satellites.pdf:PDF},
  groups    = {Radiation pressure},
}

@Article{Dirkx2016,
  author    = {D. Dirkx and V. Lainey and L.I. Gurvits and P.N.A.M. Visser},
  journal   = {Planetary and Space Science},
  title     = {Dynamical modelling of the Galilean moons for the {JUICE} mission},
  year      = {2016},
  month     = dec,
  pages     = {82--95},
  volume    = {134},
  doi       = {10.1016/j.pss.2016.10.011},
  file      = {:Dirkx2016 - Dynamical Modelling of the Galilean Moons for the JUICE Mission.pdf:PDF},
  groups    = {Effect of initial state},
  publisher = {Elsevier {BV}},
}

@Book{Montenbruck2000,
  author    = {Oliver Montenbruck and Eberhard Gill},
  publisher = {Springer Berlin Heidelberg},
  title     = {Satellite Orbits},
  year      = {2000},
  isbn      = {9783642583513},
  month     = dec,
  comment   = {Relevant sections:
- 
- 7.3.3: Linearization of solar RP},
  doi       = {10.1007/978-3-642-58351-3},
  ean       = {9783642583513},
  file      = {:Montenbruck2000 - Satellite Orbits.pdf:PDF},
  groups    = {Satellite orbits},
  pagetotal = {371},
}

@Article{Bauer2016,
  author    = {S. Bauer and H. Hussmann and J. Oberst and D. Dirkx and D. Mao and G.A. Neumann and E. Mazarico and M.H. Torrence and J.F. McGarry and D.E. Smith and M.T. Zuber},
  journal   = {Planetary and Space Science},
  title     = {Demonstration of orbit determination for the Lunar Reconnaissance Orbiter using one-way laser ranging data},
  year      = {2016},
  month     = sep,
  pages     = {32--46},
  volume    = {129},
  doi       = {10.1016/j.pss.2016.06.005},
  file      = {:Bauer2016 - Demonstration of Orbit Determination for the Lunar Reconnaissance Orbiter Using One Way Laser Ranging Data.pdf:PDF},
  groups    = {LRO},
  publisher = {Elsevier {BV}},
}

@Article{Anselmo1983,
  author   = {{Anselmo}, L. and {Farinella}, P. and {Milani}, A. and {Nobili}, A.~M.},
  journal  = {\aap},
  title    = {{Effects of the earth-reflected sunlight on the orbit of the LAGEOS satellite}},
  year     = {1983},
  month    = jan,
  number   = {1},
  pages    = {3--8},
  volume   = {117},
  adsnote  = {Provided by the SAO/NASA Astrophysics Data System},
  adsurl   = {https://ui.adsabs.harvard.edu/abs/1983A&A...117....3A},
  comment  = {Found from references of Knocke 1988},
  file     = {:Anselmo1983 - Effects of the Earth Reflected Sunlight on the Orbit of the LAGEOS Satellite.pdf:PDF},
  groups   = {Radiation pressure},
  keywords = {Earth Albedo, Lageos (Satellite), Orbit Perturbation, Radiation Pressure, Satellite Orbits, Sunlight, Annual Variations, Atmospheric Effects, Numerical Integration, Reflected Waves, Astrodynamics},
}

@Article{Stephens1981,
  author    = {G. L. Stephens and G. G. Campbell and T. H. Vonder Haar},
  journal   = {Journal of Geophysical Research},
  title     = {Earth radiation budgets},
  year      = {1981},
  number    = {C10},
  pages     = {9739},
  volume    = {86},
  comment   = {Found from references of Knocke 1988},
  doi       = {10.1029/jc086ic10p09739},
  file      = {:Stephens1981 - Earth Radiation Budgets.pdf:PDF},
  groups    = {Radiation pressure},
  publisher = {American Geophysical Union ({AGU})},
}

@Article{Vielberg2020,
  author    = {Kristin Vielberg and J{\"{u}}rgen Kusche},
  journal   = {Journal of Geodesy},
  title     = {Extended forward and inverse modeling of radiation pressure accelerations for {LEO} satellites},
  year      = {2020},
  month     = mar,
  number    = {4},
  volume    = {94},
  doi       = {10.1007/s00190-020-01368-6},
  file      = {:Vielberg2020 - Extended Forward and Inverse Modeling of Radiation Pressure Accelerations for LEO Satellites.pdf:PDF},
  groups    = {Radiation pressure},
  publisher = {Springer Science and Business Media {LLC}},
}

@Article{Loecher2018,
  author    = {Anno L{\"{o}}cher and J{\"{u}}rgen Kusche},
  journal   = {Journal of Geodesy},
  title     = {Precise orbits of the Lunar Reconnaissance Orbiter from radiometric tracking data},
  year      = {2018},
  month     = feb,
  number    = {9},
  pages     = {989--1001},
  volume    = {92},
  doi       = {10.1007/s00190-018-1124-4},
  file      = {:Loecher2018 - Precise Orbits of the Lunar Reconnaissance Orbiter from Radiometric Tracking Data.pdf:PDF},
  groups    = {LRO},
  publisher = {Springer Science and Business Media {LLC}},
}

@Comment{jabref-meta: databaseType:bibtex;}

@Comment{jabref-meta: grouping:
0 AllEntriesGroup:;
1 StaticGroup:Satellite orbits\;0\;0\;0x8a8a8aff\;\;\;;
1 StaticGroup:Radiation pressure\;0\;1\;0x8a8a8aff\;\;\;;
1 StaticGroup:Effect of initial state\;0\;1\;0x8a8a8aff\;\;\;;
1 StaticGroup:LRO\;0\;1\;0x8a8a8aff\;\;\;;
}
